<record><leader>00000cas a2200000 a 4500</leader><controlfield tag="001">11167246</controlfield><controlfield tag="008">840918d18911929ksuwr ne      0   a0eng d</controlfield><controlfield tag="009">3789</controlfield><datafield ind1=" " ind2=" " tag="010"><subfield code="a">sn 84029778 </subfield></datafield><datafield ind1=" " ind2=" " tag="040"><subfield code="a">KSH</subfield><subfield code="b">eng</subfield><subfield code="c">KSH</subfield><subfield code="d">NPT</subfield><subfield code="d">OCL</subfield></datafield><datafield ind1=" " ind2=" " tag="042"><subfield code="a">msc</subfield></datafield><datafield ind1="0" ind2=" " tag="130"><subfield code="a">Garden City herald (Garden City, Kan. : 1891)</subfield></datafield><datafield ind1="0" ind2="0" tag="245"><subfield code="a">Garden City herald.</subfield></datafield><datafield ind1=" " ind2=" " tag="260"><subfield code="a">Garden City, Kan. :</subfield><subfield code="b">Norris Bros.,</subfield><subfield code="c">1891-1929.</subfield></datafield><datafield ind1=" " ind2=" " tag="300"><subfield code="a">37 v. :</subfield><subfield code="b">ill. ;</subfield><subfield code="c">55-70 cm.</subfield></datafield><datafield ind1=" " ind2=" " tag="310"><subfield code="a">Weekly</subfield></datafield><datafield ind1="0" ind2=" " tag="362"><subfield code="a">Vol. 6, no. 10 (July 9, 1891)-v. 24, no. 10 (May 7, 1908) = Whole no. 322-no. 1254 ; Vol. 24, no. 11 (May 14, 1908)-v. 43, no. 48 (Feb. 28, 1929).</subfield></datafield><datafield ind1=" " ind2=" " tag="500"><subfield code="a">Published by The Kelleys, June 19, 1924-Feb. 28, 1929.</subfield></datafield><datafield ind1=" " ind2=" " tag="500"><subfield code="a">"Republican."</subfield></datafield><datafield ind1=" " ind2=" " tag="752"><subfield code="a">United States</subfield><subfield code="b">Kansas</subfield><subfield code="c">Finney</subfield><subfield code="d">Garden City.</subfield></datafield><datafield ind1="0" ind2="0" tag="780"><subfield code="t">Garden City weekly herald</subfield><subfield code="w">(DLC)sn 84029775</subfield></datafield><datafield ind1="0" ind2="4" tag="785"><subfield code="t">Garden City telegram</subfield><subfield code="w">(DLC)sn 84029773</subfield></datafield></record>